% Use this file for citations not found in the ACL Anthology (contained in "anthology.bib").

@book{Aho:72,
    author  = {Alfred V. Aho and Jeffrey D. Ullman},
    title   = {The Theory of Parsing, Translation and Compiling},
    year    = "1972",
    volume  = "1",
    publisher = {Prentice-Hall},
    address = {Englewood Cliffs, NJ}
}

@book{APA:83,
    author  = {{American Psychological Association}},
    title   = {Publications Manual},
    year    = "1983",
    publisher = {American Psychological Association},
    address = {Washington, DC}
}

@article{Chandra:81,
	author = {Ashok K. Chandra and Dexter C. Kozen and Larry J. Stockmeyer},
	year = "1981",
	title = {Alternation},
	journal = {Journal of the Association for Computing Machinery},
	volume = "28",
	number = "1",
	pages = "114--133",
	doi = "10.1145/322234.322243",
}

@inproceedings{andrew2007scalable,
  title={Scalable training of {L1}-regularized log-linear models},
  author={Andrew, Galen and Gao, Jianfeng},
  booktitle={Proceedings of the 24th International Conference on Machine Learning},
  pages={33--40},
  year={2007},
}

@book{Gusfield:97,
    author  = {Dan Gusfield},
    title   = {Algorithms on Strings, Trees and Sequences},
    year    = "1997",
    publisher = {Cambridge University Press},
    address = {Cambridge, UK}
}

@article{rasooli-tetrault-2015,
    author    = {Mohammad Sadegh Rasooli and Joel R. Tetreault},
    title     = {Yara Parser: {A} Fast and Accurate Dependency Parser},
    journal   = {Computing Research Repository},
    volume    = {arXiv:1503.06733},
    year      = {2015},
    url       = {http://arxiv.org/abs/1503.06733},
    note    = {version 2}
}

@article{Ando2005,
	Acmid = {1194905},
	Author = {Ando, Rie Kubota and Zhang, Tong},
	Issn = {1532-4435},
	Issue_Date = {12/1/2005},
	Journal = {Journal of Machine Learning Research},
	Month = dec,
	Numpages = {37},
	Pages = {1817--1853},
	Publisher = {JMLR.org},
	Title = {A Framework for Learning Predictive Structures from Multiple Tasks and Unlabeled Data},
	Volume = {6},
	Year = {2005}
}

















@inproceedings{kuamri2017real,
  title={Real time analysis of social media data to understand people emotions towards national parties},
  author={Kuamri, Santoshi and Babu, C Narendra},
  booktitle={2017 8th international conference on computing, communication and networking technologies (ICCCNT)},
  pages={1--6},
  year={2017},
  organization={IEEE}
}

@article{salam2018emotion,
  title={Emotion detection and recognition from text using machine learning},
  author={Salam, Shaikh Abdul and Gupta, Rajkumar},
  journal={Int. J. Comput. Sci. Eng},
  volume={6},
  number={6},
  pages={341--345},
  year={2018}
}

@article{cassab2020ontology,
  title={Ontology-based emotion detection in Arabic social media},
  author={Cassab, S and Kurdy, Mohamad-Bassam},
  journal={International Journal of Engineering Research \& Technology (IJERT)},
  volume={9},
  number={08},
  pages={1991--2013},
  year={2020}
}

@article{kusal2021ai,
  title={AI based emotion detection for textual big data: Techniques and contribution},
  author={Kusal, Sheetal and Patil, Shruti and Kotecha, Ketan and Aluvalu, Rajanikanth and Varadarajan, Vijayakumar},
  journal={Big Data and Cognitive Computing},
  volume={5},
  number={3},
  pages={43},
  year={2021},
  publisher={MDPI}
}

@inproceedings{krommyda2021experimental,
  title={An experimental analysis of data annotation methodologies for emotion detection in short text posted on social media},
  author={Krommyda, Maria and Rigos, Anastasios and Bouklas, Kostas and Amditis, Angelos},
  booktitle={Informatics},
  volume={8},
  number={1},
  pages={19},
  year={2021},
  organization={MDPI}
}

@inproceedings{liu2022dialogueein,
  title={DialogueEIN: Emotion interaction network for dialogue affective analysis},
  author={Liu, Yuchen and Zhao, Jinming and Hu, Jingwen and Li, Ruichen and Jin, Qin},
  booktitle={Proceedings of the 29th International Conference on Computational Linguistics},
  pages={684--693},
  year={2022}
}

@article{ide2022building,
  title={Building a dialogue corpus annotated with expressed and experienced emotions},
  author={Ide, Tatsuya and Kawahara, Daisuke},
  journal={arXiv preprint arXiv:2205.11867},
  year={2022}
}

@article{hu2021dialoguecrn,
  title={Dialoguecrn: Contextual reasoning networks for emotion recognition in conversations},
  author={Hu, Dou and Wei, Lingwei and Huai, Xiaoyong},
  journal={arXiv preprint arXiv:2106.01978},
  year={2021}
}

@article{ekman1969repertoire,
  title={The repertoire of nonverbal behavior: Categories, origins, usage, and coding},
  author={Ekman, Paul and Friesen, Wallace V},
  journal={semiotica},
  volume={1},
  number={1},
  pages={49--98},
  year={1969},
  publisher={De Gruyter}
}

@article{plutchik1982psycho,
  title={A psycho evolutionary theory of emotions},
  author={Plutchik, R},
  journal={Social Science Information},
  year={1982}
}

@article{russell1977evidence,
  title={Evidence for a three-factor theory of emotions},
  author={Russell, James A and Mehrabian, Albert},
  journal={Journal of research in Personality},
  volume={11},
  number={3},
  pages={273--294},
  year={1977},
  publisher={Elsevier}
}

@article{al2024challenges,
  title={Challenges and opportunities of text-based emotion detection: A survey},
  author={Al Maruf, Abdullah and Khanam, Fahima and Haque, Md Mahmudul and Jiyad, Zakaria Masud and Mridha, Firoj and Aung, Zeyar},
  journal={IEEE Access},
  year={2024},
  publisher={IEEE}
}

@inproceedings{li2024chinchunmei,
  title={Chinchunmei at WASSA 2024 Empathy and Personality Shared Task: Boosting LLMâ€™s Prediction with Role-play Augmentation and Contrastive Reasoning Calibration},
  author={Li, Tian and Rusnachenko, Nicolay and Liang, Huizhi},
  booktitle={Proceedings of the 14th Workshop on Computational Approaches to Subjectivity, Sentiment, \& Social Media Analysis},
  pages={385--392},
  year={2024}
}



@article{rafailov2023direct,
  title={Direct preference optimization: Your language model is secretly a reward model},
  author={Rafailov, Rafael and Sharma, Archit and Mitchell, Eric and Manning, Christopher D and Ermon, Stefano and Finn, Chelsea},
  journal={Advances in Neural Information Processing Systems},
  volume={36},
  pages={53728--53741},
  year={2023}
}

@article{hong2024orpo,
  title={Orpo: Monolithic preference optimization without reference model},
  author={Hong, Jiwoo and Lee, Noah and Thorne, James},
  journal={arXiv preprint arXiv:2403.07691},
  year={2024}
}

@article{meng2025simpo,
  title={Simpo: Simple preference optimization with a reference-free reward},
  author={Meng, Yu and Xia, Mengzhou and Chen, Danqi},
  journal={Advances in Neural Information Processing Systems},
  volume={37},
  pages={124198--124235},
  year={2025}
}

























